<?xml version='1.0' encoding='utf-8'?>
<record xmlns="http://www.loc.gov/MARC21/slim" xmlns:xsi="http://www.w3.org/2001/XMLSchema-instance">
  <leader>00000npcaa2200385^a^4500</leader>
  <controlfield tag="001">005868691</controlfield>
  <controlfield tag="005">20090814125450.0</controlfield>
  <controlfield tag="007">vd^cvaizu</controlfield>
  <controlfield tag="007">co^cg|---manan</controlfield>
  <controlfield tag="008">081014i20032009miu^^^^^s^^^^^^^^^^^eng^d</controlfield>
  <datafield tag="035" ind1=" " ind2=" ">
    <subfield code="a">(OCoLC)262472732</subfield>
  </datafield>
  <datafield tag="035" ind1=" " ind2=" ">
    <subfield code="a">(OCoLC)ocn262472732</subfield>
  </datafield>
  <datafield tag="040" ind1=" " ind2=" ">
    <subfield code="a">BEU</subfield>
    <subfield code="c">BEU</subfield>
    <subfield code="e">dacs</subfield>
  </datafield>
  <datafield tag="049" ind1=" " ind2=" ">
    <subfield code="a">BEUA</subfield>
  </datafield>
  <datafield tag="110" ind1="2" ind2=" ">
    <subfield code="a">Black Autonomy Network Community Organization.</subfield>
  </datafield>
  <datafield tag="245" ind1="0" ind2="0">
    <subfield code="a">Black Autonomy Network Community Organization records,</subfield>
    <subfield code="f">2003-2009.</subfield>
  </datafield>
  <datafield tag="300" ind1=" " ind2=" ">
    <subfield code="a">1.5 linear feet, 1 DVD, and 2 CD-ROMs.</subfield>
  </datafield>
  <datafield tag="546" ind1=" " ind2=" ">
    <subfield code="a">In English.</subfield>
  </datafield>
  <datafield tag="545" ind1="1" ind2=" ">
    <subfield code="a">Political and social justice group in Benton Harbor, Mich., founded 2003 by Rev. Edward Pinkney, a Baptist minister. A 2005 recall election of a Benton Harbor city commissioner organized by Rev. Pinkney led to Pinkney's conviction on charges of election fraud, a conviction Pinkney's supporters saw as politically motivated, and his later imprisonment after cursing a judge with a curse from the Bible.</subfield>
  </datafield>
  <datafield tag="520" ind1="2" ind2=" ">
    <subfield code="a">CD-ROM copy (42 mb) of blog maintained by Rev. Pinkney and others (2005-2009) commenting on BANCO activities, Benton Harbor and Berrien County politics and economy, and Pinkney's legal troubles; also correspondence, religious writings, protest flyers, court and prison materials, and picket signs used in BANCO demonstrations, photos of demonstrations, clippings, flyers, t-shirts, and a DVD (60 min.) "What's going on in Benton Harbor? The trial of Reverend Pinkney."</subfield>
  </datafield>
  <datafield tag="541" ind1=" " ind2=" ">
    <subfield code="a">Blog content captured Aug. 10, 2009, earlier capture Sept. 3, 2008.</subfield>
  </datafield>
  <datafield tag="506" ind1=" " ind2=" ">
    <subfield code="a">The collection is open for research use.</subfield>
  </datafield>
  <datafield tag="500" ind1=" " ind2=" ">
    <subfield code="a">Donor: 10109</subfield>
  </datafield>
  <datafield tag="584" ind1=" " ind2=" ">
    <subfield code="a">Further accruals are expected.</subfield>
  </datafield>
  <datafield tag="651" ind1=" " ind2="0">
    <subfield code="a">Benton Harbor (Mich.)</subfield>
    <subfield code="x">Economic conditions.</subfield>
  </datafield>
  <datafield tag="651" ind1=" " ind2="0">
    <subfield code="a">Benton Harbor (Mich.)</subfield>
    <subfield code="x">Politics and government.</subfield>
  </datafield>
  <datafield tag="651" ind1=" " ind2="0">
    <subfield code="a">Benton Harbor (Mich.)</subfield>
    <subfield code="x">Race relations.</subfield>
  </datafield>
  <datafield tag="651" ind1=" " ind2="0">
    <subfield code="a">Berrien County (Mich.)</subfield>
    <subfield code="x">Economic conditions.</subfield>
  </datafield>
  <datafield tag="651" ind1=" " ind2="0">
    <subfield code="a">Berrien County (Mich.)</subfield>
    <subfield code="x">Politics and government.</subfield>
  </datafield>
  <datafield tag="651" ind1=" " ind2="0">
    <subfield code="a">Berrien County (Mich.)</subfield>
    <subfield code="x">Race relations.</subfield>
  </datafield>
  <datafield tag="610" ind1="2" ind2="0">
    <subfield code="a">Black Autonomy Network Community Organization.</subfield>
  </datafield>
  <datafield tag="650" ind1=" " ind2="7">
    <subfield code="a">Demonstrations</subfield>
    <subfield code="z">Michigan</subfield>
    <subfield code="z">Saint Joseph.</subfield>
    <subfield code="2">lctgm</subfield>
  </datafield>
  <datafield tag="600" ind1="1" ind2="0">
    <subfield code="a">Pinkney, Edward.</subfield>
  </datafield>
  <datafield tag="650" ind1=" " ind2="0">
    <subfield code="a">Prisoners</subfield>
    <subfield code="z">Michigan.</subfield>
  </datafield>
  <datafield tag="655" ind1=" " ind2="0">
    <subfield code="a">Blogs.</subfield>
  </datafield>
  <datafield tag="655" ind1=" " ind2="7">
    <subfield code="a">DVDs.</subfield>
    <subfield code="2">aat</subfield>
  </datafield>
  <datafield tag="655" ind1=" " ind2="7">
    <subfield code="a">Photographs.</subfield>
    <subfield code="2">aat</subfield>
  </datafield>
  <datafield tag="655" ind1=" " ind2="7">
    <subfield code="a">Picket signs.</subfield>
    <subfield code="2">aat</subfield>
  </datafield>
  <datafield tag="852" ind1="8" ind2=" ">
    <subfield code="a">MiU-H</subfield>
    <subfield code="b">BENT</subfield>
    <subfield code="h">2008155 Bj 2</subfield>
  </datafield>
  <datafield tag="997" ind1=" " ind2=" ">
    <subfield code="a">MARS</subfield>
  </datafield>
  <datafield tag="998" ind1=" " ind2=" ">
    <subfield code="c">LAC</subfield>
  </datafield>
  <datafield tag="955" ind1=" " ind2=" ">
    <subfield code="b">BENT</subfield>
    <subfield code="p">B3273584</subfield>
  </datafield>
</record>
